@ARTICLE{NameYear,
  title   = {The Title of The Paper},
  author  = {Last, First M},
  journal = {The Name of the Journal},
  volume  = {31},
  number  = {2},
  pages   = {91--96},
  year    = {1964},
  annote  = {Your annotation summary goes here. It can wrap
             over many lines. As much as you need. You can
             use \LaTeX in your summary.}
}


@INCOLLECTION{Culp2009,
  title     = {The Social Functions of Financial Derivatives},
  author    = {Culp, Christopher L.},
  booktitle = {Financial Derivatives: Pricing and Risk Management},
  year      = {2009},
  publisher = {John Wiley \& Sons},
  annote    = {Your annotation summary goes here.}
}


@INCOLLECTION{Culp2011a,
  title     = {Chapter 2: Risk, Uncertainty, and Profit},
  author    = {Culp, Christopher L.},
  booktitle = {Risk Transfer: Derivatives in Theory and Practice},
  year      = {2011},
  publisher = {John Wiley \& Sons},
  annote    = {Your annotation summary goes here.}
}


@INCOLLECTION{Culp2011b,
  title     = {Appendix 1: Economic Theory and Equilibrium},
  author    = {Culp, Christopher L.},
  booktitle = {Risk Transfer: Derivatives in Theory and Practice},
  year      = {2011},
  publisher = {John Wiley \& Sons},
  annote    = {Your annotation summary goes here.}
}


@ARTICLE{Hayek1945,
  title   = {The Use of Knowledge in Society},
  author  = {Hayek, F.A.},
  journal = {The American Economic Review},
  volume  = {35},
  number  = {4},
  pages   = {519--530},
  year    = {1945},
  annote  = {Your annotation summary goes here.}
}


@ARTICLE{Boettke1997,
  title   = {Where did economics go wrong? Modern economics as a flight from reality},
  author  = {Boettke, Peter J.},
  journal = {Critical Review},
  volume  = {11},
  number  = {1},
  pages   = {11--64},
  year    = {1997},
  annote  = {Your annotation summary goes here.}
}


@ARTICLE{Boettke2002,
  title   = {Information and Knowledge: Austrian Economics in Search of its Uniqueness},
  author  = {Boettke, Peter J.},
  journal = {The Review of Austrian Economics},
  volume  = {15},
  number  = {4},
  pages   = {263--274},
  year    = {2002},
  annote  = {Your annotation summary goes here.}
}


@INCOLLECTION{Kiesling2015,
  title     = {The Knowledge Problem},
  author    = {Kielsing, Lynne},
  booktitle = {The Oxford Handbook of Austrian Economics},
  year      = {2015},
  annote    = {Your annotation summary goes here.}
}

@ARTICLE{Kennedy1998a,
  title   = {Teaching Undergraduate Econometrics: A Suggestion for Fundamental Change},
  author  = {Kennedy, Peter E.},
  journal = {The American Economic Review},
  volume  = {88},
  number  = {2},
  pages   = {487--492},
  year    = {1998},
  annote  = {Your annotation summary goes here.}
}


@INCOLLECTION{Kennedy1998b,
  title     = {Using Monte Carlo Studies for Teaching Econometrics},
  author    = {Kennedy, Peter E.},
  booktitle = {Teaching Undergraduate Economics: Alternatives to Chalk and Talk},
  year      = {1998},
  annote    = {Your annotation summary goes here.}
}























